% This file was created with JabRef 2.7b.
% Encoding: UTF-8

@INPROCEEDINGS{conf/synasc/Beyersdorff09,
  author = {Beyersdorff, O.},
  title = {On the Existence of Complete Disjoint {NP}-Pairs.},
  booktitle = {SYNASC},
  year = {2009},
  editor = {Watt, Stephen M. and Negru, Viorel and Ida, Tetsuo and Jebelean,
	Tudor and Petcu, Dana and Zaharie, Daniela},
  pages = {282-289},
  publisher = {IEEE Computer Society},
  added-at = {2012-03-22T00:00:00.000+0100},
  biburl = {http://www.bibsonomy.org/bibtex/24f70ae6617e78987d087de9a9c9543a6/dblp},
  crossref = {conf/synasc/2009},
  ee = {http://doi.ieeecomputersociety.org/10.1109/SYNASC.2009.9},
  interhash = {17d38e4d3905a3191cf6d7e3198ae147},
  intrahash = {4f70ae6617e78987d087de9a9c9543a6},
  isbn = {978-1-4244-5910-0},
  keywords = {dblp},
  timestamp = {2012-03-22T00:00:00.000+0100},
  url = {http://dblp.uni-trier.de/db/conf/synasc/synasc2009.html#Beyersdorff09}
}

@INPROCEEDINGS{conf/stacs/BuhrmanFFM00,
  author = {Buhrman, H. and Fenner, S. A. and Fortnow, L. and van Melkebeek,
	D.},
  title = {Optimal Proof Systems and Sparse Sets.},
  booktitle = {STACS},
  year = {2000},
  editor = {Reichel, Horst and Tison, Sophie},
  volume = {1770},
  series = {Lecture Notes in Computer Science},
  pages = {407-418},
  publisher = {Springer},
  added-at = {2011-06-20T00:00:00.000+0200},
  biburl = {http://www.bibsonomy.org/bibtex/21870ba974a646b112df61ccfee6eeae5/dblp},
  crossref = {conf/stacs/2000},
  ee = {http://dx.doi.org/10.1007/3-540-46541-3_34},
  interhash = {658ca284fd5c13a8aa6a7e0a372d3bec},
  intrahash = {1870ba974a646b112df61ccfee6eeae5},
  isbn = {3-540-67141-2},
  keywords = {dblp},
  timestamp = {2011-06-20T00:00:00.000+0200},
  url = {http://dblp.uni-trier.de/db/conf/stacs/stacs2000.html#BuhrmanFFM00}
}

@INPROCEEDINGS{conf/birthday/GlasserSZ06,
  author = {Gla{\ss}er, C. and Selman, A. L. and Zhang, L.},
  title = {Survey of Disjoint {NP}-pairs and Relations to Propositional Proof
	Systems.},
  booktitle = {Essays in Memory of Shimon Even},
  year = {2006},
  editor = {Goldreich, Oded and Rosenberg, Arnold L. and Selman, Alan L.},
  volume = {3895},
  series = {Lecture Notes in Computer Science},
  pages = {241-253},
  publisher = {Springer},
  added-at = {2006-03-16T00:00:00.000+0100},
  biburl = {http://www.bibsonomy.org/bibtex/2c7574e64efc79e3a8b274dc262673b07/dblp},
  crossref = {conf/birthday/2006even},
  date = {2006-03-16},
  description = {dblp},
  ee = {http://dx.doi.org/10.1007/11685654_11},
  interhash = {f8fcf8eb9fd3bbfba0a658f527b1bb22},
  intrahash = {c7574e64efc79e3a8b274dc262673b07},
  isbn = {3-540-32880-7},
  keywords = {dblp},
  timestamp = {2006-03-16T00:00:00.000+0100},
  url = {http://dblp.uni-trier.de/db/conf/birthday/even2006.html#GlasserSZ06}
}

@INPROCEEDINGS{conf/icalp/HughesPRS12,
  author = {Hughes, A. and Pavan, A. and Russell, N. and Selman, A. L.},
  title = {A Thirty Year Old Conjecture about Promise Problems.},
  booktitle = {ICALP (1)},
  year = {2012},
  editor = {Czumaj, Artur and Mehlhorn, Kurt and Pitts, Andrew M. and Wattenhofer,
	Roger},
  volume = {7391},
  series = {Lecture Notes in Computer Science},
  pages = {473-484},
  publisher = {Springer},
  added-at = {2012-07-03T00:00:00.000+0200},
  biburl = {http://www.bibsonomy.org/bibtex/22132a5f382d2956d299aaa6419f41795/dblp},
  crossref = {conf/icalp/2012-1},
  ee = {http://dx.doi.org/10.1007/978-3-642-31594-7_40},
  interhash = {eaed371ca47907c22b773f3126a96166},
  intrahash = {2132a5f382d2956d299aaa6419f41795},
  isbn = {978-3-642-31593-0},
  keywords = {dblp},
  timestamp = {2012-07-03T00:00:00.000+0200},
  url = {http://dblp.uni-trier.de/db/conf/icalp/icalp2012-1.html#HughesPRS12}
}

@INPROCEEDINGS{conf/fsttcs/KoblerM00,
  author = {K{\"o}bler, J. and Me{\ss}ner, J.},
  title = {Is the Standard Proof System for {SAT} {P}-Optimal?},
  booktitle = {FSTTCS},
  year = {2000},
  editor = {Kapoor, Sanjiv and Prasad, Sanjiva},
  volume = {1974},
  series = {Lecture Notes in Computer Science},
  pages = {361-372},
  publisher = {Springer},
  added-at = {2011-06-22T00:00:00.000+0200},
  biburl = {http://www.bibsonomy.org/bibtex/25a06147894a4e74a2d6854d5f584a277/dblp},
  crossref = {conf/fsttcs/2000},
  ee = {http://dx.doi.org/10.1007/3-540-44450-5_29},
  interhash = {49d47c09c0be045f2869e0d38567bb91},
  intrahash = {5a06147894a4e74a2d6854d5f584a277},
  isbn = {3-540-41413-4},
  keywords = {dblp},
  timestamp = {2011-06-22T00:00:00.000+0200},
  url = {http://dblp.uni-trier.de/db/conf/fsttcs/fsttcs2000.html#KoblerM00}
}

@INPROCEEDINGS{conf/coco/KoblerM98,
  author = {K{\"o}bler, J. and Me{\ss}ner, J.},
  title = {Complete Problems for Promise Classes by Optimal Proof Systems for
	Test Sets.},
  booktitle = {IEEE Conference on Computational Complexity},
  year = {1998},
  pages = {132-140},
  publisher = {IEEE Computer Society},
  added-at = {2013-01-22T00:00:00.000+0100},
  biburl = {http://www.bibsonomy.org/bibtex/2e4f9ae8c962288964045ec510f58384e/dblp},
  crossref = {conf/coco/1998},
  ee = {http://doi.ieeecomputersociety.org/10.1109/CCC.1998.694599},
  interhash = {83d1c00d89b23f42110a1ffe7ddc9838},
  intrahash = {e4f9ae8c962288964045ec510f58384e},
  isbn = {0-8186-8395-3},
  keywords = {dblp},
  timestamp = {2013-01-22T00:00:00.000+0100},
  url = {http://dblp.uni-trier.de/db/conf/coco/coco1998.html#KoblerM98}
}

@INPROCEEDINGS{conf/fct/Sadowski97,
  author = {Sadowski, Z.},
  title = {On an Optimal Quantified Propositional Proof System and a Complete
	Language for NP cap co-NP.},
  booktitle = {FCT},
  year = {1997},
  editor = {Chlebus, Bogdan S. and Czaja, Ludwik},
  volume = {1279},
  series = {Lecture Notes in Computer Science},
  pages = {423-428},
  publisher = {Springer},
  added-at = {2002-02-25T00:00:00.000+0100},
  biburl = {http://www.bibsonomy.org/bibtex/247eb87e6009f8de2af145bc5d3bf3cf9/dblp},
  crossref = {conf/fct/1997},
  date = {2002-02-25},
  description = {dblp},
  interhash = {6d25f9483e7d1a301691e75e64d1e504},
  intrahash = {47eb87e6009f8de2af145bc5d3bf3cf9},
  isbn = {3-540-63386-3},
  keywords = {dblp},
  timestamp = {2002-02-25T00:00:00.000+0100},
  url = {http://dblp.uni-trier.de/db/conf/fct/fct97.html#Sadowski97}
}

@ARTICLE{journals/jsyml/CookR79,
  author = {Cook, S. A. and Reckhow, R. A.},
  title = {The Relative Efficiency of Propositional Proof Systems.},
  journal = {J. Symb. Log.},
  year = {1979},
  volume = {44},
  pages = {36-50},
  number = {1},
  added-at = {2003-11-20T00:00:00.000+0100},
  biburl = {http://www.bibsonomy.org/bibtex/24890af1b4040cdcf0aa28966c5025436/dblp},
  date = {2003-11-20},
  description = {dblp},
  interhash = {3da93d83c9f6ab5dfb1c97d2b51468df},
  intrahash = {4890af1b4040cdcf0aa28966c5025436},
  keywords = {dblp},
  timestamp = {2003-11-20T00:00:00.000+0100},
  url = {http://dblp.uni-trier.de/db/journals/jsyml/jsyml44.html#CookR79}
}

@ARTICLE{journals/iandc/EvenSY84,
  author = {Even, S. and Selman, A. L. and Yacobi, Y.},
  title = {The Complexity of Promise Problems with Applications to Public-Key
	Cryptography},
  journal = {Information and Control},
  year = {1984},
  volume = {61},
  pages = {159-173},
  number = {2},
  month = May,
  added-at = {2006-04-25T00:00:00.000+0200},
  biburl = {http://www.bibsonomy.org/bibtex/257534f7e248ab73f4db17d1a86aac064/dblp},
  date = {2006-04-25},
  description = {dblp},
  interhash = {a450094c874ebd96408dcec3c2ff7ee2},
  intrahash = {57534f7e248ab73f4db17d1a86aac064},
  keywords = {dblp},
  timestamp = {2006-04-25T00:00:00.000+0200},
  url = {http://dblp.uni-trier.de/db/journals/iandc/iandc61.html#EvenSY84}
}

@ARTICLE{journals/iandc/GlasserSS05,
  author = {Gla{\ss}er, C. and Selman, A. L. and Sengupta, S.},
  title = {Reductions between disjoint {NP}-Pairs.},
  journal = {Inf. Comput.},
  year = {2005},
  volume = {200},
  pages = {247-267},
  number = {2},
  added-at = {2006-02-22T00:00:00.000+0100},
  biburl = {http://www.bibsonomy.org/bibtex/26b044851ff97775928a5cd70e72f0f4c/dblp},
  date = {2006-02-22},
  description = {dblp},
  ee = {http://dx.doi.org/10.1016/j.ic.2005.03.003},
  interhash = {c32131be7687e216298c42b6fd5f5f68},
  intrahash = {6b044851ff97775928a5cd70e72f0f4c},
  keywords = {dblp},
  timestamp = {2006-02-22T00:00:00.000+0100},
  url = {http://dblp.uni-trier.de/db/journals/iandc/iandc200.html#GlasserSS05}
}

@ARTICLE{journals/eccc/ECCC-TR03-027,
  author = {Gla{\ss}er, C. and Selman, A. L. and Sengupta, S.},
  title = {Reductions between Disjoint {NP}-Pairs},
  journal = {Electronic Colloquium on Computational Complexity (ECCC)},
  year = {2003},
  volume = {10},
  number = {027},
  added-at = {2011-12-07T00:00:00.000+0100},
  biburl = {http://www.bibsonomy.org/bibtex/299fa91092305e1e3dedb9d01d46cdfd1/dblp},
  ee = {http://eccc.hpi-web.de/eccc-reports/2003/TR03-027/index.html},
  interhash = {f5d57569e75820a0d75f35dc542cbd2b},
  intrahash = {99fa91092305e1e3dedb9d01d46cdfd1},
  keywords = {dblp},
  timestamp = {2011-12-07T00:00:00.000+0100},
  url = {http://dblp.uni-trier.de/db/journals/eccc/eccc10.html#ECCC-TR03-027}
}

@ARTICLE{journals/eccc/ECCC-TR03-011,
  author = {Gla{\ss}er, C. and Selman, A. L. and Sengupta, S. and Zhang, L.},
  title = {Disjoint {NP}-Pairs},
  journal = {Electronic Colloquium on Computational Complexity (ECCC)},
  year = {2003},
  volume = {10},
  number = {011},
  added-at = {2011-12-07T00:00:00.000+0100},
  biburl = {http://www.bibsonomy.org/bibtex/2c3c15b2c6541b4fe8ca45f4c07b5c901/dblp},
  ee = {http://eccc.hpi-web.de/eccc-reports/2003/TR03-011/index.html},
  interhash = {cf295a92a83f1f64d48903000e5346c4},
  intrahash = {c3c15b2c6541b4fe8ca45f4c07b5c901},
  keywords = {dblp},
  timestamp = {2011-12-07T00:00:00.000+0100},
  url = {http://dblp.uni-trier.de/db/journals/eccc/eccc10.html#ECCC-TR03-011}
}

@ARTICLE{journals/ijfcs/GlasserSZ09,
  author = {Gla{\ss}er, C. and Selman, A. L. and Zhang, L.},
  title = {The Informational Content of Canonical Disjoint {NP}-Pairs.},
  journal = {Int. J. Found. Comput. Sci.},
  year = {2009},
  volume = {20},
  pages = {501-522},
  number = {3},
  added-at = {2009-07-02T00:00:00.000+0200},
  biburl = {http://www.bibsonomy.org/bibtex/2a0f401058cc496907f3b28046fb192e6/dblp},
  date = {2009-07-02},
  description = {dblp},
  ee = {http://dx.doi.org/10.1142/S012905410900670X},
  interhash = {5f93ab1ff3abb9a471db620d394fc46b},
  intrahash = {a0f401058cc496907f3b28046fb192e6},
  keywords = {dblp},
  timestamp = {2009-07-02T00:00:00.000+0200},
  url = {http://dblp.uni-trier.de/db/journals/ijfcs/ijfcs20.html#GlasserSZ09}
}

@ARTICLE{journals/tcs/GlasserSZ07,
  author = {Gla{\ss}er, C. and Selman, A. L. and Zhang, L.},
  title = {Canonical disjoint {NP}-pairs of propositional proof systems.},
  journal = {Theor. Comput. Sci.},
  year = {2007},
  volume = {370},
  pages = {60-73},
  number = {1-3},
  added-at = {2007-02-26T00:00:00.000+0100},
  biburl = {http://www.bibsonomy.org/bibtex/2ae20083510f19a58fc2cca8eb9fb5779/dblp},
  date = {2007-02-26},
  description = {dblp},
  ee = {http://dx.doi.org/10.1016/j.tcs.2006.10.006},
  interhash = {27fa8bbbfef354d6dd478ad4303c4395},
  intrahash = {ae20083510f19a58fc2cca8eb9fb5779},
  keywords = {dblp},
  timestamp = {2007-02-26T00:00:00.000+0100},
  url = {http://dblp.uni-trier.de/db/journals/tcs/tcs370.html#GlasserSZ07}
}

@ARTICLE{DBLP:journals/eccc/ECCC-TR05-018,
  author = {Oded Goldreich},
  title = {On Promise Problems (a survey in memory of Shimon Even [1935-2004])},
  journal = {Electronic Colloquium on Computational Complexity (ECCC)},
  year = {2005},
  number = {018},
  bibsource = {DBLP, http://dblp.uni-trier.de},
  ee = {http://eccc.hpi-web.de/eccc-reports/2005/TR05-018/index.html}
}

@ARTICLE{journals/siamcomp/GrollmannS88,
  author = {Grollmann, J. and Selman, A. L.},
  title = {Complexity Measures for Public-Key Cryptosystems.},
  journal = {SIAM J. Comput.},
  year = {1988},
  volume = {17},
  pages = {309-335},
  number = {2},
  added-at = {2011-09-12T00:00:00.000+0200},
  biburl = {http://www.bibsonomy.org/bibtex/20f86590469f72dd09b95505d42e66335/dblp},
  ee = {http://dx.doi.org/10.1137/0217018},
  interhash = {15a652fc8c74e10d8347ed33b3e9cced},
  intrahash = {0f86590469f72dd09b95505d42e66335},
  keywords = {dblp},
  timestamp = {2011-09-12T00:00:00.000+0200},
  url = {http://dblp.uni-trier.de/db/journals/siamcomp/siamcomp17.html#GrollmannS88}
}

@ARTICLE{journals/tcs/HartmanisH88,
  author = {Hartmanis, J. and Hemachandra, L. A.},
  title = {Complexity Classes without Machines: On Complete Languages for {UP}.},
  journal = {Theor. Comput. Sci.},
  year = {1988},
  volume = {58},
  pages = {129-142},
  added-at = {2011-09-07T00:00:00.000+0200},
  biburl = {http://www.bibsonomy.org/bibtex/2e02690dc5a2feca85fa94a3b04884de5/dblp},
  ee = {http://dx.doi.org/10.1016/0304-3975(88)90022-9},
  interhash = {b01f1d13f715d2692b5fa1735b107420},
  intrahash = {e02690dc5a2feca85fa94a3b04884de5},
  keywords = {dblp},
  timestamp = {2011-09-07T00:00:00.000+0200},
  url = {http://dblp.uni-trier.de/db/journals/tcs/tcs58.html#HartmanisH88}
}

@ARTICLE{journals/jsyml/KrajicekP89,
  author = {Kraj{\'{i}}{\v{c}}ek, J. and Pudl{\'{a}}k, P.},
  title = {Propositional Proof Systems, the Consistency of First Order Theories
	and the Complexity of Computations.},
  journal = {J. Symb. Log.},
  year = {1989},
  volume = {54},
  pages = {1063-1079},
  number = {3},
  added-at = {2010-07-21T15:46:12.000+0200},
  biburl = {http://www.bibsonomy.org/bibtex/2ef201159376ee3cafa87c3447cc2cc1f/dblp},
  date = {2010-04-23},
  ee = {http://projecteuclid.org/euclid.jsl/1183743040},
  interhash = {d6cc1438146a9ab953b5fd1c5c9fba8e},
  intrahash = {ef201159376ee3cafa87c3447cc2cc1f},
  keywords = {dblp},
  timestamp = {2010-07-21T15:46:12.000+0200},
  url = {http://dblp.uni-trier.de/db/journals/jsyml/jsyml54.html#KrajicekP89}
}

@ARTICLE{journals/jcss/Krentel88,
  author = {Krentel, M. W.},
  title = {The Complexity of Optimization Problems.},
  journal = {J. Comput. Syst. Sci.},
  year = {1988},
  volume = {36},
  pages = {490-509},
  number = {3},
  added-at = {2011-07-05T00:00:00.000+0200},
  biburl = {http://www.bibsonomy.org/bibtex/2c37d3db86ac527b8ae3dde1f2c8179e8/dblp},
  ee = {http://dx.doi.org/10.1016/0022-0000(88)90039-6},
  interhash = {f5f1a12dbfd122b3243c516f5a9e0e5a},
  intrahash = {c37d3db86ac527b8ae3dde1f2c8179e8},
  keywords = {dblp},
  timestamp = {2011-07-05T00:00:00.000+0200},
  url = {http://dblp.uni-trier.de/db/journals/jcss/jcss36.html#Krentel88}
}

@ARTICLE{journals/iandc/KoblerMT03,
  author = {K{\"o}bler, J. and Me{\ss}ner, J. and Tor{\'{a}}n, J.},
  title = {Optimal proof systems imply complete sets for promise classes.},
  journal = {Inf. Comput.},
  year = {2003},
  volume = {184},
  pages = {71-92},
  number = {1},
  added-at = {2003-11-20T00:00:00.000+0100},
  biburl = {http://www.bibsonomy.org/bibtex/29830e606e7200da52f48d7a7d43d3976/dblp},
  date = {2003-11-20},
  description = {dblp},
  ee = {http://dx.doi.org/10.1016/S0890-5401(03)00058-0},
  interhash = {dd6dcd725d45bd9b5c5aeaeacdc7e06c},
  intrahash = {9830e606e7200da52f48d7a7d43d3976},
  keywords = {dblp},
  timestamp = {2003-11-20T00:00:00.000+0100},
  url = {http://dblp.uni-trier.de/db/journals/iandc/iandc184.html#KoblerMT03}
}

@PHDTHESIS{books/daglib/0008240,
  author = {Me{\ss}ner, J.},
  title = {On the simulation order of proof systems.},
  school = {Universit{\"a}t Ulm},
  year = {2001},
  added-at = {2011-03-23T00:00:00.000+0100},
  biburl = {http://www.bibsonomy.org/bibtex/20ca388af4b7ee349e234c4ce2c04ede1/dblp},
  interhash = {fcb26768637a35f52e01fae415500587},
  intrahash = {0ca388af4b7ee349e234c4ce2c04ede1},
  keywords = {dblp},
  pages = {I-II, 1-110},
  timestamp = {2011-03-23T00:00:00.000+0100}
}

@ARTICLE{journals/eccc/ECCC-TR97-026,
  author = {Me{\ss}ner, J. and Tor{\'{a}}n, J.},
  title = {Optimal proof systems for Propositional Logic and complete sets},
  journal = {Electronic Colloquium on Computational Complexity (ECCC)},
  year = {1997},
  volume = {4},
  number = {26},
  added-at = {2011-12-07T00:00:00.000+0100},
  biburl = {http://www.bibsonomy.org/bibtex/2fca276966e9b3a9d8dbee99925a090f9/dblp},
  ee = {http://eccc.hpi-web.de/eccc-reports/1997/TR97-026/index.html},
  interhash = {4a950cd7d97bbd80901333f25e4ac2f0},
  intrahash = {fca276966e9b3a9d8dbee99925a090f9},
  keywords = {dblp},
  timestamp = {2011-12-07T00:00:00.000+0100},
  url = {http://dblp.uni-trier.de/db/journals/eccc/eccc4.html#ECCC-TR97-026}
}

@ARTICLE{journals/tcs/NaikRRS98,
  author = {Naik, A. V. and Rogers, J. D. and Royer, J. S. and Selman, A. L.},
  title = {A Hierarchy Based on Output Multiplicity.},
  journal = {Theor. Comput. Sci.},
  year = {1998},
  volume = {207},
  pages = {131-157},
  number = {1},
  added-at = {2003-11-19T00:00:00.000+0100},
  biburl = {http://www.bibsonomy.org/bibtex/264f56af3a6127b5fa1b0e88ee5fd94ba/dblp},
  date = {2003-11-19},
  description = {dblp},
  ee = {http://dx.doi.org/10.1016/S0304-3975(98)00060-7},
  interhash = {2ac7c47bf174746c96a12d09a9c3e595},
  intrahash = {64f56af3a6127b5fa1b0e88ee5fd94ba},
  keywords = {dblp},
  timestamp = {2003-11-19T00:00:00.000+0100},
  url = {http://dblp.uni-trier.de/db/journals/tcs/tcs207.html#NaikRRS98}
}

@ARTICLE{journals/eccc/ECCC-TR02-005,
  author = {Pavan, A. and Selman, A. L.},
  title = {Bi-Immunity Separates Strong NP-Completeness Notions},
  journal = {Electronic Colloquium on Computational Complexity (ECCC)},
  year = {2002},
  number = {005},
  added-at = {2011-12-07T00:00:00.000+0100},
  biburl = {http://www.bibsonomy.org/bibtex/2c30bf356a64eba1c004656286b62ef2b/dblp},
  ee = {http://eccc.hpi-web.de/eccc-reports/2002/TR02-005/index.html},
  interhash = {a5db15a847e669be03ad34a62e8d63d8},
  intrahash = {c30bf356a64eba1c004656286b62ef2b},
  keywords = {dblp},
  timestamp = {2011-12-07T00:00:00.000+0100},
  url = {http://dblp.uni-trier.de/db/journals/eccc/eccc9.html#ECCC-TR02-005}
}

@ARTICLE{journals/eccc/ECCC-TR01-044,
  author = {Pudlák, P.},
  title = {On reducibility and symmetry of disjoint NP-pairs},
  journal = {Electronic Colloquium on Computational Complexity (ECCC)},
  year = {2001},
  volume = {8},
  number = {44},
  added-at = {2011-12-07T00:00:00.000+0100},
  biburl = {http://www.bibsonomy.org/bibtex/2f1fbb16e9168c8f2279a18523757c41c/dblp},
  ee = {http://eccc.hpi-web.de/eccc-reports/2001/TR01-044/index.html},
  interhash = {dee1c0fe7435a643a79aea83b4780384},
  intrahash = {f1fbb16e9168c8f2279a18523757c41c},
  keywords = {dblp},
  timestamp = {2011-12-07T00:00:00.000+0100},
  url = {http://dblp.uni-trier.de/db/journals/eccc/eccc8.html#ECCC-TR01-044}
}

@ARTICLE{journals/logiccoll/Pudlak86,
  author = {Pudlák, P.},
  title = {On the length of proofs of finitistic consistency statements in first
	order theories},
  journal = {Logic Colloquium},
  year = {1986},
  volume = {84},
  owner = {nils},
  timestamp = {2014.02.20}
}

@ARTICLE{journals/eccc/ECCC-TR94-006,
  author = {Razborov, A. A.},
  title = {On provably disjoint {NP}-pairs},
  journal = {Electronic Colloquium on Computational Complexity (ECCC)},
  year = {1994},
  volume = {1},
  number = {6},
  added-at = {2011-12-07T00:00:00.000+0100},
  biburl = {http://www.bibsonomy.org/bibtex/26bd748a7a8964191181b3041e2e64d64/dblp},
  ee = {http://eccc.hpi-web.de/eccc-reports/1994/TR94-006/index.html},
  interhash = {01055c2037d79303377fd29b2fcb7688},
  intrahash = {6bd748a7a8964191181b3041e2e64d64},
  keywords = {dblp},
  timestamp = {2011-12-07T00:00:00.000+0100},
  url = {http://dblp.uni-trier.de/db/journals/eccc/eccc1.html#ECCC-TR94-006}
}

@ARTICLE{journals/jacm/Robinson65,
  author = {Robinson, J. A.},
  title = {A Machine-Oriented Logic Based on the Resolution Principle.},
  journal = {J. ACM},
  year = {1965},
  volume = {12},
  pages = {23-41},
  number = {1},
  added-at = {2012-01-26T00:00:00.000+0100},
  biburl = {http://www.bibsonomy.org/bibtex/200f4cb149116e0375df362528fbd2d57/dblp},
  cdrom = {JACM/12/P0023.pdf},
  ee = {http://doi.acm.org/10.1145/321250.321253},
  interhash = {9c3aa47d0f6843facca979e62cf71a02},
  intrahash = {00f4cb149116e0375df362528fbd2d57},
  keywords = {dblp},
  timestamp = {2012-01-26T00:00:00.000+0100},
  url = {http://dblp.uni-trier.de/db/journals/jacm/jacm12.html#Robinson65}
}

@ARTICLE{journals/tcs/Sadowski02,
  author = {Sadowski, Z.},
  title = {On an optimal propositional proof system and the structure of easy
	subsets of TAUT.},
  journal = {Theor. Comput. Sci.},
  year = {2002},
  volume = {288},
  pages = {181-193},
  number = {1},
  added-at = {2011-09-07T00:00:00.000+0200},
  biburl = {http://www.bibsonomy.org/bibtex/24985d7f6dbe2937415f73142d41a24a7/dblp},
  ee = {http://dx.doi.org/10.1016/S0304-3975(01)00155-4},
  interhash = {bd4f9eb6acbbb0f924adba311677a728},
  intrahash = {4985d7f6dbe2937415f73142d41a24a7},
  keywords = {dblp},
  timestamp = {2011-09-07T00:00:00.000+0200},
  url = {http://dblp.uni-trier.de/db/journals/tcs/tcs288.html#Sadowski02}
}

@ARTICLE{journals/iandc/VollmerW95,
  author = {Vollmer, H. and Wagner, K. W.},
  title = {Complexity Classes of Optimization Functions},
  journal = {Inf. Comput.},
  year = {1995},
  volume = {120},
  pages = {198-219},
  number = {2},
  month = {August},
  added-at = {2011-07-06T00:00:00.000+0200},
  biburl = {http://www.bibsonomy.org/bibtex/2a3bfa6d363434ae89e4daed3e88a803f/dblp},
  ee = {http://dx.doi.org/10.1006/inco.1995.1109},
  interhash = {6512b60f86118b8856171272ff5c8958},
  intrahash = {a3bfa6d363434ae89e4daed3e88a803f},
  keywords = {dblp},
  timestamp = {2011-07-06T00:00:00.000+0200},
  url = {http://dblp.uni-trier.de/db/journals/iandc/iandc120.html#VollmerW95}
}

@ARTICLE{Zhang:2011:PSR:1930546.1930777,
  author = {Zhang, L.},
  title = {Proof System Representations of Degrees of Disjoint NP-pairs},
  journal = {Inf. Process. Lett.},
  year = {2011},
  volume = {111},
  pages = {348--351},
  number = {7},
  month = mar,
  acmid = {1930777},
  address = {Amsterdam, The Netherlands, The Netherlands},
  doi = {10.1016/j.ipl.2011.01.001},
  issn = {0020-0190},
  issue_date = {March, 2011},
  keywords = {Canonical NP-pairs, Computational complexity, Degrees of disjoint
	NP-pairs, Propositional proof systems},
  numpages = {4},
  publisher = {Elsevier North-Holland, Inc.},
  url = {http://dx.doi.org/10.1016/j.ipl.2011.01.001}
}

@PROCEEDINGS{conf/fct/1997,
  title = {Fundamentals of Computation Theory, 11th International Symposium,
	FCT '97, Krak{\'o}w, Poland, September 1-3, 1997, Proceedings},
  year = {1997},
  editor = {Bogdan S. Chlebus and Ludwik Czaja},
  volume = {1279},
  series = {Lecture Notes in Computer Science},
  publisher = {Springer},
  bibsource = {DBLP, http://dblp.uni-trier.de},
  booktitle = {FCT},
  isbn = {3-540-63386-3}
}

@PROCEEDINGS{conf/icalp/2012-1,
  title = {Automata, Languages, and Programming - 39th International Colloquium,
	ICALP 2012, Warwick, UK, July 9-13, 2012, Proceedings, Part I},
  year = {2012},
  editor = {Czumaj, Artur and Mehlhorn, Kurt and Pitts, Andrew M. and Wattenhofer,
	Roger},
  volume = {7391},
  series = {Lecture Notes in Computer Science},
  publisher = {Springer},
  added-at = {2012-07-03T00:00:00.000+0200},
  biburl = {http://www.bibsonomy.org/bibtex/298eca4a126d58cd9be69cf2e361bef4f/dblp},
  booktitle = {ICALP (1)},
  ee = {http://dx.doi.org/10.1007/978-3-642-31594-7},
  interhash = {a02c0943bddb837a5cc70896ce6a4620},
  intrahash = {98eca4a126d58cd9be69cf2e361bef4f},
  isbn = {978-3-642-31593-0},
  keywords = {dblp},
  timestamp = {2012-07-03T00:00:00.000+0200},
  url = {http://dblp.uni-trier.de/db/conf/icalp/icalp2012-1.html}
}

@PROCEEDINGS{conf/birthday/2006even,
  title = {Theoretical Computer Science, Essays in Memory of Shimon Even},
  year = {2006},
  editor = {Goldreich, Oded and Rosenberg, Arnold L. and Selman, Alan L.},
  volume = {3895},
  series = {Lecture Notes in Computer Science},
  publisher = {Springer},
  added-at = {2006-03-16T00:00:00.000+0100},
  biburl = {http://www.bibsonomy.org/bibtex/2ff8e1276c8fef0d68ff4a5772bdbcb57/dblp},
  booktitle = {Essays in Memory of Shimon Even},
  date = {2006-03-16},
  description = {dblp},
  interhash = {738cdd8f61d2a45dba875922b59b27a3},
  intrahash = {ff8e1276c8fef0d68ff4a5772bdbcb57},
  isbn = {3-540-32880-7},
  keywords = {dblp},
  timestamp = {2006-03-16T00:00:00.000+0100},
  url = {http://dblp.uni-trier.de/db/conf/birthday/even2006.html}
}

@PROCEEDINGS{conf/fsttcs/2000,
  title = {Foundations of Software Technology and Theoretical Computer Science,
	20th Conference, FST TCS 2000 New Delhi, India, December 13-15, 2000,
	Proceedings.},
  year = {2000},
  editor = {Kapoor, Sanjiv and Prasad, Sanjiva},
  volume = {1974},
  series = {Lecture Notes in Computer Science},
  publisher = {Springer},
  added-at = {2002-01-03T00:00:00.000+0100},
  biburl = {http://www.bibsonomy.org/bibtex/2a3735db5ce2e382f27bc23f74158fb2d/dblp},
  booktitle = {FSTTCS},
  interhash = {e621badd3d79769fc7a59fce1d2497fa},
  intrahash = {a3735db5ce2e382f27bc23f74158fb2d},
  isbn = {3-540-41413-4},
  keywords = {dblp},
  timestamp = {2002-01-03T00:00:00.000+0100},
  url = {http://dblp.uni-trier.de/db/conf/fsttcs/fsttcs2000.html}
}

@PROCEEDINGS{conf/stacs/2000,
  title = {STACS 2000, 17th Annual Symposium on Theoretical Aspects of Computer
	Science, Lille, France, February 2000, Proceedings},
  year = {2000},
  editor = {Reichel, Horst and Tison, Sophie},
  volume = {1770},
  series = {Lecture Notes in Computer Science},
  publisher = {Springer},
  added-at = {2002-01-03T00:00:00.000+0100},
  biburl = {http://www.bibsonomy.org/bibtex/2dde6ba3b9c5b66f8885a6d235b91d349/dblp},
  booktitle = {STACS},
  interhash = {48278489d053f34e20cd4a2849f4f77c},
  intrahash = {dde6ba3b9c5b66f8885a6d235b91d349},
  isbn = {3-540-67141-2},
  keywords = {dblp},
  timestamp = {2002-01-03T00:00:00.000+0100},
  url = {http://dblp.uni-trier.de/db/conf/stacs/stacs2000.html}
}

@PROCEEDINGS{conf/synasc/2009,
  title = {11th International Symposium on Symbolic and Numeric Algorithms for
	Scientific Computing, SYNASC 2009, Timisoara, Romania, September
	26-29, 2009},
  year = {2009},
  editor = {Stephen M. Watt and Viorel Negru and Tetsuo Ida and Tudor Jebelean
	and Dana Petcu and Daniela Zaharie},
  publisher = {IEEE Computer Society},
  bibsource = {DBLP, http://dblp.uni-trier.de},
  booktitle = {SYNASC},
  ee = {http://ieeexplore.ieee.org/xpl/mostRecentIssue.jsp?punumber=5459479},
  isbn = {978-1-4244-5910-0}
}

@PROCEEDINGS{conf/coco/1998,
  title = {Proceedings of the 13th Annual IEEE Conference on Computational Complexity,
	Buffalo, New York, USA, June 15-18, 1998},
  year = {1998},
  publisher = {IEEE Computer Society},
  bibsource = {DBLP, http://dblp.uni-trier.de},
  booktitle = {IEEE Conference on Computational Complexity},
  isbn = {0-8186-8395-3}
}

@comment{jabref-meta: selector_publisher:}

@comment{jabref-meta: selector_author:}

@comment{jabref-meta: selector_journal:}

@comment{jabref-meta: selector_keywords:}

